@article{1,
 author = {Cao, Tien-Dung and Pham, Tran-Vu and Vu, Quang-Hieu and Truong, Hong-Linh and Le, Duc-Hung and Dustdar, Schahram},
 title = {MARSA: A Marketplace for Realtime Human Sensing Data},
 journal = {ACM Trans. Internet Technol.},
 issue_date = {August 2016},
 volume = {16},
 number = {3},
 month = may,
 year = {2016},
 issn = {1533-5399},
 pages = {16:1--16:21},
 articleno = {16},
 numpages = {21},
 url = {http://doi.acm.org/10.1145/2883611},
 doi = {10.1145/2883611},
 acmid = {2883611},
 publisher = {ACM},
 address = {New York, NY, USA},
 keywords = {Internet of Things, cost model, data contract, platform},
} 

@book{2,
  title={Introducing Ethereum and Solidity},
  author={Dannen, Chris},
  year={2017},
  publisher={Springer}
}


@inproceedings{Missier2017,
 author = {Missier, Paolo and Bajoudah, Shaimaa and Capossele, Angelo and Gaglione, Andrea and Nati, Michele},
 title = {Mind My Value: A Decentralized Infrastructure for Fair and Trusted IoT Data Trading},
 booktitle = {Proceedings of the Seventh International Conference on the Internet of Things},
 series = {IoT '17},
 year = {2017},
 isbn = {978-1-4503-5318-2},
 location = {Linz, Austria},
 pages = {15:1--15:8},
 articleno = {15},
 numpages = {8},
 url = {http://doi.acm.org/10.1145/3131542.3131564},
 doi = {10.1145/3131542.3131564},
 acmid = {3131564},
 publisher = {ACM},
 address = {New York, NY, USA},
} 

@article{4,
  title={Bitcoin: A peer-to-peer electronic cash system},
  author={Nakamoto, Satoshi},
  year={2008},
  publisher={Working Paper}
}

@book{5,
  title={Decentralized Computing Using Blockchain Technologies and Smart Contracts: Emerging Research and Opportunities: Emerging Research and Opportunities},
  author={Asharaf, S and Adarsh, S},
  year={2017},
  publisher={IGI Global}
}

@article{6,
  title={Marketplaces for data: an initial survey},
  author={Schomm, Fabian and Stahl, Florian and Vossen, Gottfried},
  journal={ACM SIGMOD Record},
  volume={42},
  number={1},
  pages={15--26},
  year={2013},
  publisher={ACM}
}

@article{7,
  title={A classification framework for data marketplaces},
  author={Stahl, Florian and Schomm, Fabian and Vossen, Gottfried and Vomfell, Lara},
  journal={Vietnam Journal of Computer Science},
  volume={3},
  number={3},
  pages={137--143},
  year={2016},
  publisher={Springer}
}

@book{8,
  title={Blockchain: Blueprint for a new economy},
  author={Swan, Melanie},
  year={2015},
  publisher={" O'Reilly Media, Inc."}
}

@article{9,
  title={The blockchain revolution: An analysis of regulation and technology related to distributed ledger technologies},
  author={Kakavand, Hossein and Kost De Sevres, Nicolette and Chilton, Bart},
  year={2017}
}

@article{10,
  title={Blockchain beyond bitcoin},
  author={Underwood, Sarah},
  journal={Communications of the ACM},
  volume={59},
  number={11},
  pages={15--17},
  year={2016},
  publisher={ACM}
}

@inproceedings{12,
  title={A decentralized solution for IoT data trusted exchange based-on blockchain},
  author={Huang, Zhiqing and Su, Xiongye and Zhang, Yanxin and Shi, Changxue and Zhang, Hanchen and Xie, Luyang},
  booktitle={Computer and Communications (ICCC), 2017 3rd IEEE International Conference on},
  pages={1180--1184},
  year={2017},
  organization={IEEE}
}

@ONLINE{13,
title = {ETH Gas Station},
url = {https://ethgasstation.info}
}

@ONLINE{14,
title = {Big -IoT Market}},
url = {https://big-iot.github.io}
}


@ONLINE{15,
title = {Hyperledger},
url = {https://www.hyperledger.org}}

@ONLINE{16,
title = {Quorum: \url{https://www.jpmorgan.com/global/Quorum}}

@ONLINE{17,
title = {Corda},
url = {https://www.corda.net}}

@article{18,
title={IDMoB: IoT Data Marketplace on Blockchain},
author={{\"O}zy{\i}lmaz, Kaz{\i}m R{\i}fat and Do{\u{g}}an, Mehmet and Yurdakul, Arda},
journal={arXiv preprint arXiv:1810.00349},
year={2018}
}

@article{19,
title={Monetization of IoT data using smart contracts},
author={Suliman, Ahmed and Husain, Zainab and Abououf, Menatallah and Alblooshi, Mansoor and Salah, Khaled},
journal={IET Networks},
year={2018},
publisher={IET}
}

@ONLINE{20,
title = {IOTA},
url = {https://www.iota.org}}

@article{21,
title={Approaches to Front-End IoT Application Development for the Ethereum Blockchain},
author={Pusti{\v{s}}ek, Matev{\v{z}} and Kos, Andrej},
journal={Procedia Computer Science},
volume={129},
pages={410--419},
year={2018},
publisher={Elsevier}
}

@ONLINE{22,
title = {Microsoft Azure Data Marketplace},
url = {https://azure.microsoft.com/en-gb/free/search/?&OCID=AID719823_SEM_On7F14u0&lnkd=Google_Azure_Brand&dclid=CN6X0tf3i94CFZG3Gwodo4wChw}}

@ONLINE{23,
title = {Streamer},
url = {https://www.streamr.com}
}
@ONLINE{24,
title = {Datum},
url = {https://datum.org}
}
@ONLINE{25,
title = {Remix-Solidity IDE},
url = {https://remix.ethereum.org/}
}

@article{26,
  title={Context aware computing for the internet of things: A survey},
  author={Perera, Charith and Zaslavsky, Arkady and Christen, Peter and Georgakopoulos, Dimitrios},
  journal={IEEE communications surveys \& tutorials},
  volume={16},
  number={1},
  pages={414--454},
  year={2014},
  publisher={IEEE}
}

@inproceedings{misura,
  title={Internet of things cloud mediator platform},
  author={Misura, Kresimir and Zagar, Mario},
  booktitle={Information and Communication Technology, Electronics and Microelectronics (MIPRO), 2014 37th International Convention on},
  pages={1052--1056},
  year={2014},
  organization={IEEE}
}
@ONLINE{eBay,
url ={https://www.ebay.com}
}